@article{pauly1991parameter,
  title={Parameter relations for the {S}hinnar-{L}e {R}oux selective excitation pulse design algorithm ({NMR} imaging)},
  author={Pauly, John and Le Roux, Patrick and Nishimura, Dwight and Macovski, Albert},
  journal={{IEEE} Transactions on Medical Imaging},
  volume={10},
  number={1},
  pages={53--65},
  year={1991},
  publisher={IEEE}
}